@book{bleuler1911dementia,
  author={Bleuler, Eugen},
  title={Dementia praecox, oder Gruppe der Schizophrenien},
  series={Handbuch der Psychiatrie, Spezieller; T., 4. Abt., 1. Hälfte},
  volume={4},
  year={1911},
  publisher={Deuticke},
  address={Leipzig},
  language={German}
}

@book{kraepelin1919dementia,
  title={Dementia praecox and paraphrenia},
  author={Kraepelin, Emil and Robertson, George M. and Barclay, R. Mary},
  year={1919},
  publisher={Chicago Medical Book Co.},
  address={Chicago},
  language={English}
}

@article{andreasen1984sans, 
  title={The Scale for the Assessment of Negative Symptoms (SANS): Conceptual and Theoretical Foundations}, 
  volume={155}, 
  DOI={10.1192/S0007125000291496}, 
  number={S7}, 
  journal={British Journal of Psychiatry}, 
  author={Andreasen, Nancy C.}, 
  year={1989}, 
  pages={49–52}
}

@misc{andreasen1984saps,
  title = {Scale for the Assessment of Positive Symptoms},
  DOI = {10.1037/t48377-000},
  journal = {PsycTESTS Dataset},
  publisher = {American Psychological Association (APA)},
  author = {Andreasen,  Nancy C.},
  year = {1986}
}

@article{andreasen1986tlc,
  title = {Scale for the Assessment of Thought,  Language,  and Communication (TLC)},
  volume = {12},
  ISSN = {1745-1701},
  DOI = {10.1093/schbul/12.3.473},
  number = {3},
  journal = {Schizophrenia Bulletin},
  publisher = {Oxford University Press},
  author = {Andreasen,  N. C.},
  year = {1986},
  month = jan,
  pages = {473–482}
}

@article{kay1987positive,
    author = {Kay, Stanley R. and Fiszbein, Abraham and Opler, Lewis A.},
    title = "{The Positive and Negative Syndrome Scale (PANSS) for Schizophrenia}",
    journal = {Schizophrenia Bulletin},
    volume = {13},
    number = {2},
    pages = {261-276},
    year = {1987},
    month = {01},
    issn = {0586-7614},
    doi = {10.1093/schbul/13.2.261},
    publisher={Oxford University Press}
}

@article{mann1988rhetorical,
  title={Rhetorical structure theory: Toward a functional theory of text organization},
  author={Mann, William C and Thompson, Sandra A},
  journal={Text-interdisciplinary Journal for the Study of Discourse},
  volume={8},
  number={3},
  pages={243--281},
  year={1988},
  publisher={Walter de Gruyter, Berlin/New York Berlin, New York}
}

@article{caplan1989kftds,
  title = {The Kiddie Formal Thought Disorder Rating Scale: Clinical Assessment,  Reliability,  and Validity},
  volume = {28},
  ISSN = {0890-8567},
  DOI = {10.1097/00004583-198905000-00018},
  number = {3},
  journal = {Journal of the American Academy of Child and Adolescent Psychiatry},
  publisher = {Elsevier},
  author={Caplan, Rochelle and Guthrie, Donald and Fish, Barbara and Tanguay, Peter E and David-Lando, Gabriela},
  year = {1989},
  month = may,
  pages = {408–416}
}

@article{glosser1991patterns,
  title = {Patterns of discourse production among neurological patients with fluent language disorders},
  journal = {Brain and Language},
  volume = {40},
  number = {1},
  pages = {67-88},
  year = {1991},
  issn = {0093-934X},
  doi = {10.1016/0093-934X(91)90117-J},
  url = {https://www.sciencedirect.com/science/article/pii/0093934X9190117J},
  author = {Guila Glosser and Toni Deser},
  publisher={Elsevier}
}

@book{schmidt1992vocabulary,
  author={Schmidt, Karl-Heinz  and   Metzler, Peter},
  title={Wortschatztest : WST},
  year={1992},
  publisher={Beltz},
  address={Weinheim},
  language={German}
}

@book{world1992icd,
  title={The ICD-10 classification of mental and behavioural disorders: clinical descriptions and diagnostic guidelines},
  author={World Health Organization},
  volume={1},
  year={1992},
  publisher={World Health Organization}
}

@article{landauer1998introduction,
  author = {Landauer, Thomas K and Foltz, Peter W. and Darrell Laham},
  title = {An introduction to latent semantic analysis},
  journal = {Discourse Processes},
  volume = {25},
  number = {2-3},
  pages = {259--284},
  year = {1998},
  publisher = {Routledge},
  doi = {10.1080/01638539809545028}
}

@article{gildea2002automatic,
    title = "Automatic Labeling of Semantic Roles",
    author = "Gildea, Daniel  and  Jurafsky, Daniel",
    journal = "Computational Linguistics",
    volume = "28",
    number = "3",
    year = "2002",
    address = "Cambridge, MA",
    publisher = "MIT Press",
    url = "https://aclanthology.org/J02-3001",
    doi = "10.1162/089120102760275983",
    pages = "245--288",
}

@article{liddle2002tli,
  title={Thought and Language Index: an instrument for assessing thought and language in schizophrenia},
  author={Liddle, Peter F and Ngan, Elton TC and Caissie, Stephanie L and Anderson, Cameron M and Bates, Alan T and Quested, Digby J and White, Richard and Weg, Rowena},
  journal={The British Journal of Psychiatry},
  volume={181},
  number={4},
  pages={326--330},
  year={2002},
  publisher={Cambridge University Press},
  DOI={10.1192/bjp.181.4.326}
}

@article{elvevaag2007quantifying,
  author={Elvev{\aa}g, Brita and Foltz, Peter W and Weinberger, Daniel R and Goldberg, Terry E},
  title = {Quantifying incoherence in speech: An automated methodology and novel application to schizophrenia},
  journal = {Schizophrenia Research},
  volume = {93},
  number = {1},
  pages = {304-316},
  year = {2007},
  issn = {0920-9964},
  doi = {10.1016/j.schres.2007.03.001},
  url = {https://www.sciencedirect.com/science/article/pii/S092099640700117X},
  publisher={Elsevier}
}

@article{ditman2010building,
  title = {Building coherence: A framework for exploring the breakdown of links across clause boundaries in schizophrenia},
  volume = {23},
  ISSN = {0911-6044},
  DOI = {10.1016/j.jneuroling.2009.03.003},
  number = {3},
  journal = {Journal of Neurolinguistics},
  publisher = {Elsevier},
  author = {Ditman,  Tali and Kuperberg,  Gina R.},
  year = {2010},
  month = may,
  pages = {254–269}
}

@article{elvevaag2010automated,
  title={An automated method to analyze language use in patients with schizophrenia and their first-degree relatives},
  author={Elvev{\aa}g, Brita and Foltz, Peter W and Rosenstein, Mark and DeLisi, Lynn E},
  journal = {Journal of Neurolinguistics},
  volume = {23},
  number = {3},
  pages = {270-284},
  year = {2010},
  note = {Language, Communication and Schizophrenia},
  issn = {0911-6044},
  doi = {10.1016/j.jneuroling.2009.05.002},
  url = {https://www.sciencedirect.com/science/article/pii/S0911604409000402},
  keywords = {Discourse, Semantics, Schizophrenia, Latent semantic analysis},
  publisher={Elsevier}
}

@article{kuperberg2010language_a,
  title={Language in Schizophrenia Part 1: An Introduction},
  volume={4}, 
  ISSN={1749-818X}, 
  DOI={10.1111/j.1749-818x.2010.00216.x}, 
  number={8}, 
  journal={Language and Linguistics Compass}, 
  publisher={Wiley}, 
  author={Kuperberg, Gina R.}, 
  year={2010}, 
  month=aug, 
  pages={576–589} 
}

@article{kuperberg2010language_b,
  title={Language in Schizophrenia Part 2: What Can Psycholinguistics Bring to the Study of Schizophrenia…and Vice Versa?}, 
  volume={4}, 
  ISSN={1749-818X}, 
  DOI={10.1111/j.1749-818x.2010.00217.x}, 
  number={8}, 
  journal={Language and Linguistics Compass}, 
  publisher={Wiley}, 
  author={Kuperberg, Gina R.}, 
  year={2010}, 
  month=aug, 
  pages={590–604} 
}

@article{tausczik2010psychological,
  title={The psychological meaning of words: LIWC and computerized text analysis methods},
  author={Tausczik, Yla R and Pennebaker, James W},
  journal = {Journal of Language and Social Psychology},
  volume = {29},
  number = {1},
  pages = {24-54},
  year = {2010},
  doi = {10.1177/0261927X09351676},
  publisher={Sage Publications Sage CA: Los Angeles, CA}
}

@article{mota2012speech,
  title={Speech graphs provide a quantitative measure of thought disorder in psychosis},
  author={Mota, Natalia B and Vasconcelos, Nivaldo AP and Lemos, Nathalia and Pieretti, Ana C and Kinouchi, Osame and Cecchi, Guillermo A and Copelli, Mauro and Ribeiro, Sidarta},
  journal={PloS one},
  publisher = {Public Library of Science},
  year = {2012},
  doi = {10.1371/journal.pone.0034928},
  month = apr,
  volume = {7},
  pages = {1-9},
  number = {4}
}

@inproceedings{mikolov2013distributed,
 author = {Mikolov, Tomas and Sutskever, Ilya and Chen, Kai and Corrado, Greg S and Dean, Jeff},
 booktitle = {Advances in Neural Information Processing Systems},
 editor = {C.J. Burges and L. Bottou and M. Welling and Z. Ghahramani and K.Q. Weinberger},
 publisher = {Curran Associates, Inc.},
 title = {Distributed Representations of Words and Phrases and their Compositionality},
 url = {https://proceedings.neurips.cc/paper_files/paper/2013/file/9aa42b31882ec039965f3c4923ce901b-Paper.pdf},
 volume = {26},
 year = {2013}
}

@book{american2013dsm,
  title = {Diagnostic and Statistical Manual of Mental Disorders},
  ISBN = {0890425574},
  DOI = {10.1176/appi.books.9780890425596},
  publisher = {American Psychiatric Association},
  author = {American Psychiatric Association},
  year = {2013},
  month = may 
}

@article{buck2014net,
  title = {The use of narrative sampling in the assessment of social cognition: The Narrative of Emotions Task (NET)},
  volume = {217},
  ISSN = {0165-1781},
  DOI = {10.1016/j.psychres.2014.03.014},
  number = {3},
  journal = {Psychiatry Research},
  publisher = {Elsevier},
  author = {Buck,  Benjamin and Ludwig,  Kelsey and Meyer,  Piper S. and Penn,  David L.},
  year = {2014},
  month = jul,
  pages = {233–239}
}


@article{kircher2014tald,
  title={A rating scale for the assessment of objective and subjective formal Thought and Language Disorder (TALD)},
  author={Kircher, Tilo and Krug, Axel and Stratmann, Mirjam and Ghazi, Sayed and Schales, Christian and Frauenheim, Michael and Turner, Lena and F{\"a}hrmann, Paul and Hornig, Tobias and Katzev, Michael and others},
  journal = {Schizophrenia Research},
  volume = {160},
  number = {1},
  pages = {216-221},
  year = {2014},
  issn = {0920-9964},
  doi = {10.1016/j.schres.2014.10.024},
  url = {https://www.sciencedirect.com/science/article/pii/S0920996414005933},
  keywords = {Formal thought disorder, Schizophrenia, Mania, Depression, Principal component analyses},
  publisher={Elsevier}
}

@book{mcnamara2014automated,
  place={Cambridge}, 
  title={Automated Evaluation of Text and Discourse with Coh-Metrix},
  publisher={Cambridge University Press}, 
  author={McNamara, Danielle S. and Graesser, Arthur C. and McCarthy, Philip M. and Cai, Zhiqiang}, 
  year={2014}
} 

@article{mota2014graph,
  title={Graph analysis of dream reports is especially informative about psychosis},
  author={Mota, Nat{\'a}lia B and Furtado, Raimundo and Maia, Pedro PC and Copelli, Mauro and Ribeiro, Sidarta},
  volume={4}, 
  ISSN={2045-2322},
  DOI={10.1038/srep03691}, 
  number={1}, 
  journal={Scientific Reports}, 
  publisher={Springer}, 
  year={2014}, 
  month=jan 
}

@inproceedings{pennington2014glove,
    title = "{G}lo{V}e: Global Vectors for Word Representation",
    author = "Pennington, Jeffrey  and  Socher, Richard  and  Manning, Christopher",
    editor = "Moschitti, Alessandro  and  Pang, Bo  and  Daelemans, Walter",
    booktitle = "Proceedings of the 2014 Conference on Empirical Methods in Natural Language Processing ({EMNLP})",
    month = oct,
    year = "2014",
    address = "Doha, Qatar",
    publisher = "Association for Computational Linguistics",
    url = "https://aclanthology.org/D14-1162",
    doi = "10.3115/v1/D14-1162",
    pages = "1532--1543",
}

@article{arciniegas2015psychosis,
  title = {Psychosis},
  volume = {21},
  ISSN = {1080-2371},
  DOI = {10.1212/01.con.0000466662.89908.e7},
  journal = {CONTINUUM: Lifelong Learning in Neurology},
  publisher = {Ovid Technologies (Wolters Kluwer Health)},
  author = {Arciniegas,  David B.},
  year = {2015},
  month = jun,
  pages = {715–736}
}

@article{bedi2015automated,
  title = {Automated analysis of free speech predicts psychosis onset in high-risk youths},
  volume = {1},
  ISSN = {2334-265X},
  DOI = {10.1038/npjschz.2015.30},
  number = {1},
  journal = {npj Schizophrenia},
  publisher = {Springer},
  author = {Bedi,  Gillinder and Carrillo,  Facundo and Cecchi,  Guillermo A and Slezak,  Diego Fernández and Sigman,  Mariano and Mota,  Natália B and Ribeiro,  Sidarta and Javitt,  Daniel C and Copelli,  Mauro and Corcoran,  Cheryl M},
  year = {2015},
  month = aug 
}

@inproceedings{mitchell2015quantifying,
    title = "Quantifying the Language of Schizophrenia in Social Media",
    author = "Mitchell, Margaret  and  Hollingshead, Kristy  and  Coppersmith, Glen",
    booktitle = "Proceedings of the 2nd Workshop on Computational Linguistics and Clinical Psychology: From Linguistic Signal to Clinical Reality",
    month = "5",
    year = "2015",
    address = "Denver, Colorado",
    publisher = "Association for Computational Linguistics",
    url = "https://aclanthology.org/W15-1202",
    doi = "10.3115/v1/W15-1202",
    pages = "11--20"
}

@article{rosenstein2015language,
  title={Language as a biomarker in those at high-risk for psychosis.},
  author={Rosenstein, Mark and Foltz, Peter W and DeLisi, Lynn E and Elvev{\aa}g, Brita},
  publisher={Elsevier},
  volume = {165},
  number = {2},
  pages = {249-250},
  year = {2015},
  issn = {0920-9964},
  doi = {10.1016/j.schres.2015.04.023},
  url = {https://www.sciencedirect.com/science/article/pii/S0920996415002182}
}   

@thesis{kyle2016measuring,
  title={Measuring syntactic development in L2 writing: Fine grained indices of syntactic complexity and usage-based indices of syntactic sophistication},
  author={Kyle, Kristopher},
  year={2016},
  doi={10.57709/8501051},
  type={Dissertation},
  school={Georgia State University}
}


@misc{mota2016quantifying,
  title={Quantifying word salad: The structural randomness of verbal reports predicts negative symptoms and Schizophrenia diagnosis 6 months later},
  author={Mota, Nat{\'a}lia B and Copelli, Mauro and Ribeiro, Sidarta},
  year={2016},
  eprint={1610.08566},
  archivePrefix={arXiv},
  primaryClass={q-bio.NC},
  doi={10.48550/arXiv.1610.08566}
}

@inproceedings{arora2017simple,  
  author={Sanjeev Arora and Yingyu Liang and Tengyu Ma},
  title={A Simple but Tough-to-Beat Baseline for Sentence Embeddings},
  booktitle    = {5th International Conference on Learning Representations, {ICLR} 2017,  Toulon, France, April 24-26, 2017, Conference Track Proceedings},
  year         = {2017},
  url          = {https://oar.princeton.edu/handle/88435/pr1rk2k},
}

@article{bojanowski2017enriching,
    title = "Enriching Word Vectors with Subword Information",
    author = "Bojanowski, Piotr  and  Grave, Edouard  and  Joulin, Armand  and  Mikolov, Tomas",
    editor = "Lee, Lillian  and  Johnson, Mark  and  Toutanova, Kristina",
    journal = "Transactions of the Association for Computational Linguistics",
    volume = "5",
    year = "2017",
    address = "Cambridge, MA",
    publisher = "MIT Press",
    url = "https://aclanthology.org/Q17-1010",
    doi = "10.1162/tacl_a_00051",
    pages = "135--146"
}

@article{cohen2017can,
  title = {Can RDoC Help Find Order in Thought Disorder?},
  volume = {43},
  ISSN = {1745-1701},
  DOI = {10.1093/schbul/sbx030},
  number = {3},
  journal = {Schizophrenia Bulletin},
  publisher = {Oxford University Press},
  author = {Cohen,  Alex S. and Le,  Thanh P. and Fedechko,  Taylor L. and Elvevåg,  Brita},
  year = {2017},
  month = apr,
  pages = {503–508}
}

@article{hart2017rethinking,
    author = {Hart, Mara and Lewine, Richard R. J.},
    title = {Rethinking Thought Disorder},
    journal = {Schizophrenia Bulletin},
    volume = {43},
    number = {3},
    pages = {514-522},
    year = {2017},
    month = {01},
    issn = {0586-7614},
    doi = {10.1093/schbul/sbx003},
    publisher={Oxford University Press}
}

@thesis{koranova2017analyzing,
  title={Analyzing coherence in spontaneous speech of schizophrenic patients},
  author={Ko{\v{r}}{\'a}nov{\'a}, Nora},
  year={2017},
  type={Master's Thesis},
  school={University of Potsdam}
}

@inproceedings{lee2017end,
    title = "End-to-end Neural Coreference Resolution",
    author = "Lee, Kenton  and  He, Luheng  and  Lewis, Mike  and  Zettlemoyer, Luke",
    editor = "Palmer, Martha  and  Hwa, Rebecca  and  Riedel, Sebastian",
    booktitle = "Proceedings of the 2017 Conference on Empirical Methods in Natural Language Processing",
    month = sep,
    year = "2017",
    address = "Copenhagen, Denmark",
    publisher = "Association for Computational Linguistics",
    url = "https://aclanthology.org/D17-1018",
    doi = "10.18653/v1/D17-1018",
    pages = "188--197"
}

@article{mota2017thought,
  title={Thought disorder measured as random speech structure classifies negative symptoms and schizophrenia diagnosis 6 months in advance},
  author={Mota, Nat{\'a}lia B and Copelli, Mauro and Ribeiro, Sidarta},
  volume = {3},
  ISSN = {2334-265X},
  DOI = {10.1038/s41537-017-0019-3},
  number = {1},
  journal = {npj Schizophrenia},
  publisher = {Springer},
  year = {2017},
  month = apr 
}

@misc{peters2017semi,
  title={Semi-supervised sequence tagging with bidirectional language models}, 
  author={Matthew E. Peters and Waleed Ammar and Chandra Bhagavatula and Russell Power},
  year={2017},
  eprint={1705.00108},
  archivePrefix={arXiv},
  primaryClass={cs.CL},
  doi={10.48550/arXiv.1705.00108}
}

@inproceedings{vaswani2017attention,
 author = {Vaswani, Ashish and Shazeer, Noam and Parmar, Niki and Uszkoreit, Jakob and Jones, Llion and Gomez, Aidan N and Kaiser, \L ukasz and Polosukhin, Illia},
 booktitle = {Advances in Neural Information Processing Systems},
 editor = {I. Guyon and U. Von Luxburg and S. Bengio and H. Wallach and R. Fergus and S. Vishwanathan and R. Garnett},
 publisher = {Curran Associates, Inc.},
 title = {Attention is All you Need},
 url = {https://proceedings.neurips.cc/paper_files/paper/2017/file/3f5ee243547dee91fbd053c1c4a845aa-Paper.pdf},
 volume = {30},
 year = {2017}
}

@article{andrade2018internal,
  title = {Internal,  External,  and Ecological Validity in Research Design,  Conduct,  and Evaluation},
  volume = {40},
  ISSN = {0975-1564},
  DOI = {10.4103/ijpsym.ijpsym_334_18},
  number = {5},
  journal = {Indian Journal of Psychological Medicine},
  publisher = {SAGE Publications},
  author = {Andrade,  Chittaranjan},
  year = {2018},
  month = sep,
  pages = {498–499}
}

@article{corcoran2018prediction,
  author = {Corcoran, Cheryl M. and Carrillo, Facundo and Fernández-Slezak, Diego and Bedi, Gillinder and Klim, Casimir and Javitt, Daniel C. and Bearden, Carrie E. and Cecchi, Guillermo A.},
  title = {Prediction of psychosis across protocols and risk cohorts using automated language analysis},
  journal = {World Psychiatry},
  volume = {17},
  number = {1},
  pages = {67-75},
  keywords = {Automated language analysis, prediction of psychosis, semantic coherence, syntactic complexity, high-risk youths, machine learning},
  doi = {10.1002/wps.20491},
  year = {2018}
}

@article{devlin2018bert,
      title={BERT: Pre-training of Deep Bidirectional Transformers for Language Understanding}, 
      author={Jacob Devlin and Ming-Wei Chang and Kenton Lee and Kristina Toutanova},
      year={2019},
      eprint={1810.04805},
      archivePrefix={arXiv},
      primaryClass={cs.CL},
      doi = {10.48550/arXiv.1810.04805}
}

@inproceedings{iter2018automatic,
    title = "Automatic Detection of Incoherent Speech for Diagnosing Schizophrenia",
    author = "Iter, Dan  and  Yoon, Jong  and  Jurafsky, Dan",
    editor = "Loveys, Kate  and  Niederhoffer, Kate  and  Prud{'}hommeaux, Emily  and  Resnik, Rebecca  and  Resnik, Philip",
    booktitle = "Proceedings of the Fifth Workshop on Computational Linguistics and Clinical Psychology: From Keyboard to Clinic",
    month = jun,
    year = "2018",
    address = "New Orleans, LA",
    publisher = "Association for Computational Linguistics",
    url = "https://aclanthology.org/W18-0615",
    doi = "10.18653/v1/W18-0615",
    pages = "136--146"
}

@article{gupta2018automated,
  title = {Automated analysis of written narratives reveals abnormalities in referential cohesion in youth at ultra high risk for psychosis},
  journal = {Schizophrenia Research},
  volume = {192},
  pages = {82-88},
  year = {2018},
  issn = {0920-9964},
  doi = {10.1016/j.schres.2017.04.025},
  url = {https://www.sciencedirect.com/science/article/pii/S0920996417302128},
  author = {Tina Gupta and Susan J. Hespos and William S. Horton and Vijay A. Mittal},
  keywords = {UHR, Coh-Metrix, Referential cohesion, Written narratives, Symptoms, Cognition},
  publisher={Elsevier}
}

@inproceedings{vail2018toward,
  author = {Vail, Alexandria K. and Liebson, Elizabeth and Baker, Justin T. and Morency, Louis-Philippe},
  title = {Toward Objective, Multifaceted Characterization of Psychotic Disorders: Lexical, Structural, and Disfluency Markers of Spoken Language},
  year = {2018},
  isbn = {9781450356923},
  publisher = {Association for Computing Machinery},
  address = {New York, NY, USA},
  doi = {10.1145/3242969.3243020},
  pages = {170–178},
  numpages = {9},
  keywords = {communicative behavior patterns, computational phenotyping, dialogue self-repair, language use, psychiatry, psychosis, psychotic disorders, social interactions, speech disfluency},
  series = {ICMI '18}
}

@article{willits2018evidence,
  title = {Evidence of disturbances of deep levels of semantic cohesion within personal narratives in schizophrenia},
  journal = {Schizophrenia Research},
  volume = {197},
  pages = {365-369},
  year = {2018},
  issn = {0920-9964},
  url = {https://www.sciencedirect.com/science/article/pii/S0920996417307107},
  author = {Jon A. Willits and Timothy Rubin and Michael N. Jones and Kyle S. Minor and Paul H. Lysaker},
  keywords = {Schizophrenia, Language, Thought disorder, Narrative, Cohesion, Self},
  publisher={Elsevier}
}

@misc{bar2019semantic,
      title={Semantic Characteristics of Schizophrenic Speech}, 
      author={Kfir Bar and Vered Zilberstein and Ido Ziv and Heli Baram and Nachum Dershowitz and Samuel Itzikowitz and Eiran Vadim Harel},
      year={2019},
      eprint={1904.07953},
      archivePrefix={arXiv},
      primaryClass={cs.CL},
      doi = {10.48550/arXiv.1904.07953}
}

@article{crossley2019tool,
  title = {The Tool for the Automatic Analysis of Cohesion 2.0: Integrating semantic similarity and text overlap},
  volume = {51},
  ISSN = {1554-3528},
  DOI = {10.3758/s13428-018-1142-4},
  number = {1},
  journal = {Behavior Research Methods},
  publisher = {Springer},
  author = {Crossley,  Scott A. and Kyle,  Kristopher and Dascalu,  Mihai},
  year = {2018},
  month = oct,
  pages = {14–27}
}

@thesis{dore2019quantification,
  title={Quantification of Coherence in Spoken Language asan Indicator for the Schizophrenia Spectrum Disorder},
  author={Dor{\'e}, MN},
  type={Bachelor's thesis},
  year={2019},
  uri={https://studenttheses.uu.nl/handle/20.500.12932/38245},
  advisors={Schnack, H.G. and Voppel, Alban E},
  school={Utrecht University}
}

@article{holmlund2019updating,
  title = {Updating verbal fluency analysis for the 21st century: Applications for psychiatry},
  journal = {Psychiatry Research},
  volume = {273},
  pages = {767-769},
  year = {2019},
  issn = {0165-1781},
  doi = {10.1016/j.psychres.2019.02.014},
  url = {https://www.sciencedirect.com/science/article/pii/S0165178118324181},
  author = {Terje B. Holmlund and Jian Cheng and Peter W. Foltz and Alex S. Cohen and Brita Elvev\{aa}g},
  publisher={Elsevier}
}

@inproceedings{just2019coherence,
    title = "Coherence models in schizophrenia",
    author = {Just, Sandra  and  Haegert, Erik  and  Ko{\v{r}}{\'a}nov{\'a}, Nora  and  Br{\"o}cker, Anna-Lena  and  Nenchev, Ivan  and  Funcke, Jakob  and  Montag, Christiane  and  Stede, Manfred},
    editor = "Niederhoffer, Kate  and  Hollingshead, Kristy  and  Resnik, Philip  and  Resnik, Rebecca  and  Loveys, Kate",
    booktitle = "Proceedings of the Sixth Workshop on Computational Linguistics and Clinical Psychology",
    month = jun,
    year = "2019",
    address = "Minneapolis, Minnesota",
    publisher = "Association for Computational Linguistics",
    url = "https://aclanthology.org/W19-3015",
    doi = "10.18653/v1/W19-3015",
    pages = "126--136"
}

@article{liu2019roberta,
  title={Roberta: A robustly optimized bert pretraining approach},
  author={Liu, Yinhan and Ott, Myle and Goyal, Naman and Du, Jingfei and Joshi, Mandar and Chen, Danqi and Levy, Omer and Lewis, Mike and Zettlemoyer, Luke and Stoyanov, Veselin},
  journal      = {CoRR},
  volume       = {abs/1907.11692},
  year         = {2019},
  doi          = {10.48550/arXiv.1907.11692},
}

@inproceedings{panicheva2019semantic,
  title={Semantic coherence in schizophrenia in Russian written texts},
  author={Panicheva, Polina and Litvinova, Tatiana},
  booktitle={2019 25th Conference of Open Innovations Association (FRUCT)},
  pages={241--249},
  year={2019},
  organization={IEEE},
  url={https://fruct.org/publications/volume-25/fruct25/files/Pan.pdf}
}

@inproceedings{pietrowicz2019new,
  title={A New Approach for Automating Analysis of Responses on Verbal Fluency Tests from Subjects At-Risk for Schizophrenia.},
  author={Pietrowicz, Mary and Agurto, Carla and Norel, Raquel and Eyig{\"o}z, Elif and Cecchi, Guillermo A and Bilgrami, Zarina R and title = "A new approach for automating analysis of responses on verbal fluency tests from subjects at-risk for schizophrenia},
  note = "Publisher Copyright: Copyright {\textcopyright} 2019 ISCA; 20th Annual Conference of the International Speech Communication Association: Crossroads of Speech and Language, INTERSPEECH 2019 ; Conference date: 15-09-2019 Through 19-09-2019",
  year = "2019",
  doi = "10.21437/Interspeech.2019-2987",
  language = "English (US)",
  volume = "2019-September",
  pages = "3028--3032",
  journal = "Proceedings of the Annual Conference of the International Speech Communication Association, INTERSPEECH",
  issn = "2308-457X",
  url="https://www.isca-archive.org/interspeech_2019/pietrowicz19_interspeech.pdf"
}

@inproceedings{reimers2019sentence,
    title = "Sentence-{BERT}: Sentence Embeddings using {S}iamese {BERT}-Networks",
    author = "Reimers, Nils  and  Gurevych, Iryna",
    editor = "Inui, Kentaro  and   Jiang, Jing  and  Ng, Vincent  and   Wan, Xiaojun",
    booktitle = "Proceedings of the 2019 Conference on Empirical Methods in Natural Language Processing and the 9th International Joint Conference on Natural Language Processing (EMNLP-IJCNLP)",
    month = nov,
    year = "2019",
    address = "Hong Kong, China",
    publisher = "Association for Computational Linguistics",
    url = "https://aclanthology.org/D19-1410",
    doi = "10.18653/v1/D19-1410",
    pages = "3982--3992",
}

@article{rezaii2019machine,
  title = {A machine learning approach to predicting psychosis using semantic density and latent content analysis},
  volume = {5},
  ISSN = {2334-265X},
  DOI = {10.1038/s41537-019-0077-9},
  number = {1},
  journal = {npj Schizophrenia},
  publisher = {Springer},
  author = {Rezaii,  Neguine and Walker,  Elaine and Wolff,  Phillip},
  year = {2019},
  month = jun 
}

@misc{wang2019bert,
      title={BERT has a Mouth, and It Must Speak: BERT as a Markov Random Field Language Model}, 
      author={Alex Wang and Kyunghyun Cho},
      year={2019},
      eprint={1902.04094},
      archivePrefix={arXiv},
      primaryClass={cs.CL},
      doi={10.48550/arXiv.1902.04094}
}

@article{de2020anomalies,
  title = {Anomalies in language as a biomarker for schizophrenia},
  volume = {33},
  ISSN = {1473-6578},
  DOI = {10.1097/yco.0000000000000595},
  number = {3},
  journal = {Current Opinion in Psychiatry},
  publisher = {Ovid Technologies (Wolters Kluwer Health)},
  author = {{de Boer},  Janna N. and Brederoo,  Sanne G. and Voppel,  Alban E. and Sommer,  Iris E.C.},
  year = {2020},
  month = may,
  pages = {212–218}
}

@article{haas2020linking,
  title={Linking language features to clinical symptoms and multimodal imaging in individuals at clinical high risk for psychosis}, 
  volume={63},
  DOI={10.1192/j.eurpsy.2020.73}, 
  number={1}, 
  journal={European Psychiatry}, 
  author={Haas, S. S. and Doucet, G. E. and Garg, S. and Herrera, S. N. and Sarac, C. and Bilgrami, Z. R. and Shaik, R. B. and Corcoran, C. M.}, 
  year={2020}, 
  pages={e72}
}

@article{hitczenko2021understanding,
    author = {Hitczenko, Kasia and Mittal, Vijay A and Goldrick, Matthew},
    title = {Understanding Language Abnormalities and Associated Clinical Markers in Psychosis: The Promise of Computational Methods},
    journal = {Schizophrenia Bulletin},
    volume = {47},
    number = {2},
    pages = {344-362},
    year = {2020},
    month = {11},
    issn = {0586-7614},
    doi = {10.1093/schbul/sbaa141},
    publisher={Oxford University Press}
}

@article{just2020modeling,
  title={Modeling incoherent discourse in non-affective psychosis},
  author={Just, Sandra A and Haegert, Erik and Ko{\v{r}}{\'a}nov{\'a}, Nora and Br{\"o}cker, Anna-Lena and Nenchev, Ivan and Funcke, Jakob and Heinz, Andreas and Bermpohl, Felix and Stede, Manfred and Montag, Christiane},
  journal={Frontiers in Psychiatry},
  volume={11},
  pages={846},
  year={2020},
  publisher={Frontiers Media SA},
  url={https://www.frontiersin.org/journals/psychiatry/articles/10.3389/fpsyt.2020.00846},
  doi={10.3389/fpsyt.2020.00846},
  issn={1664-0640}
}

@misc{kaplan2020scaling,
      title={Scaling Laws for Neural Language Models}, 
      author={Jared Kaplan and Sam McCandlish and Tom Henighan and Tom B. Brown and Benjamin Chess and Rewon Child and Scott Gray and Alec Radford and Jeffrey Wu and Dario Amodei},
      year={2020},
      eprint={2001.08361},
      archivePrefix={arXiv},
      primaryClass={cs.LG}
}

@article{kramov2020evaluating,
  author = {Artem Kramov},
  title = {Evaluating text coherence based on the graph of the consistency of phrases to identify symptoms of schizophrenia},
  journal = {CoRR},
  volume = {abs/2005.03008},
  year = {2020},
  doi = {10.48550/arXiv.2005.03008}
}

@inproceedings{moghadasi2020sent2vec,
  author={Moghadasi, Mahdi Naser and Zhuang, Yu},
  booktitle={2020 IEEE International Conference on Big Data (Big Data)}, 
  title={Sent2Vec: A New Sentence Embedding Representation With Sentimental Semantic}, 
  year={2020},
  volume={},
  number={},
  pages={4672-4680},
  keywords={Vocabulary;Semantics;Neural networks;Big Data;Natural language processing;Numerical models;Task analysis;Word Embedding;Sentimental Analysis;NLP},
  doi={10.1109/BigData50022.2020.9378337}
}


@inproceedings{panicheva2020corpus,
  title={A corpus study of semantic coherence in schizophrenia in Russian written texts},
  author={Panicheva, Polina and Litvinova, Tatiana},
  booktitle={The Night Whites Language Workshop: The Fifth Saint Petersburg Winter Workshop on Experimental Studies of Speech and Language (Night Whites 2019)},
  pages={81--81},
  year={2020},
  url={https://nightwhites2019.wordpress.com/wp-content/uploads/2019/12/nw_abstracts_alph.order_-1.pdf}
}

@inproceedings{ryazanskaya2020automated,
  title={Automated Analysis of Discourse Coherence in Schizophrenia: Approximation of Manual Measures},
  author={Ryazanskaya, Galina and Khudyakova, Mariya},
  booktitle={LREC 2020 Language Resources and Evaluation Conference},
  pages={98--101},
  year={2020},
  url={https://lrec2020.lrec-conf.org/media/proceedings/Workshops/Books/RaPID3book.pdf}
}

@thesis{ryazanskaya2020thesis,
    author={Ryazanskaya, Galina},
    title={Automated Assessment of Discourse Coherence in Schizophrenia and Schizoaffective Disorder}, 
    school={Higher School of Economics}, 
    year={2020},
    place={Moscow, Russia},
    type={Bachelor's Thesis}
} 

@inproceedings{xu2020centroid,
  title={The centroid cannot hold: comparing sequential and global estimates of coherence as indicators of formal thought disorder},
  author={Xu, Weizhe and Portanova, Jake and Chander, Ayesha and Ben-Zeev, Dror and Cohen, Trevor},
  booktitle={AMIA Annual Symposium Proceedings},
  volume={2020},
  pages={1315},
  year={2020},
  organization={American Medical Informatics Association},
  issn={1942-597X},
  url={https://www.ncbi.nlm.nih.gov/pmc/articles/PMC8075468/}
}

@misc{ji2021mentalbert,
      title={MentalBERT: Publicly Available Pretrained Language Models for Mental Healthcare}, 
      author={Shaoxiong Ji and Tianlin Zhang and Luna Ansari and Jie Fu and Prayag Tiwari and Erik Cambria},
      year={2021},
      eprint={2110.15621},
      archivePrefix={arXiv},
      primaryClass={cs.CL},
      doi={10.48550/arXiv.2110.15621}
}

@article{morgan2021natural,
  title={Natural Language Processing markers in first episode psychosis and people at clinical high-risk},
  author={Morgan, Sarah E and Diederen, Kelly and V{\'e}rtes, Petra E and Ip, Samantha HY and Wang, Bo and Thompson, Bethany and Demjaha, Arsime and De Micheli, Andrea and Oliver, Dominic and Liakata, Maria and others},
  volume = {11},
  ISSN = {2158-3188},
  DOI = {10.1038/s41398-021-01722-y},
  number = {1},
  journal = {Translational Psychiatry},
  publisher = {Springer},
  year = {2021},
  month = dec 
}

@article{palaniyappan2021more,
  title={More than a biomarker: could language be a biosocial marker of psychosis?}, 
  volume={7}, 
  ISSN={2334-265X}, 
  DOI={10.1038/s41537-021-00172-1}, 
  number={1}, 
  journal={npj Schizophrenia}, 
  publisher={Springer}, 
  author={Palaniyappan, Lena}, 
  year={2021}, 
  month=aug 
}

@article{sarzynska2021detecting,
  title = {Detecting formal thought disorder by deep contextualized word representations},
  journal = {Psychiatry Research},
  volume = {304},
  pages = {114135},
  year = {2021},
  issn = {0165-1781},
  doi = {10.1016/j.psychres.2021.114135},
  url = {https://www.sciencedirect.com/science/article/pii/S0165178121004315},
  author = {Justyna Sarzynska-Wawer and Aleksander Wawer and Aleksandra Pawlak and Julia Szymanowska and Izabela Stefaniak and Michal Jarkiewicz and Lukasz Okruszek},
  keywords = {Schizophrenia, Language, Natural language processing, Deep learning},
  publisher={Elsevier}
}

@article{spencer2021lower,
  title = {Lower speech connectedness linked to incidence of psychosis in people at clinical high risk},
  journal = {Schizophrenia Research},
  volume = {228},
  pages = {493-501},
  year = {2021},
  issn = {0920-9964},
  doi = {10.1016/j.schres.2020.09.002},
  url = {https://www.sciencedirect.com/science/article/pii/S0920996420304588},
  author = {Tom John Spencer and Bethany Thompson and Dominic Oliver and Kelly Diederen and Arsime Demjaha and Sara Weinstein and Sarah E. Morgan and Fern Day and Lucia Valmaggia and Grazia Rutigliano and Andrea {De Micheli} and Nat{\'a}lia Bezerra Mota and Paolo Fusar-Poli and Philip McGuire},
  keywords = {Psychosis, Schizophrenia, Thought disorder, Graph analysis, Speech, Ultra high-risk (UHR)},
  publisher={Elsevier}
}


@article{tang2021natural,
  title = {Natural language processing methods are sensitive to sub-clinical linguistic differences in schizophrenia spectrum disorders},
  volume = {7},
  ISSN = {2334-265X},
  DOI = {10.1038/s41537-021-00154-3},
  number = {1},
  journal = {npj Schizophrenia},
  publisher = {Springer},
  author = {Tang,  Sunny X. and Kriz,  Reno and Cho,  Sunghye and Park,  Suh Jung and Harowitz,  Jenna and Gur,  Raquel E. and Bhati,  Mahendra T. and Wolf,  Daniel H. and Sedoc,  João and Liberman,  Mark Y.},
  year = {2021},
  month = may 
}

@article{voppel2021quantified,
  title = {Quantified language connectedness in schizophrenia-spectrum disorders},
  journal = {Psychiatry Research},
  volume = {304},
  pages = {114130},
  year = {2021},
  issn = {0165-1781},
  doi = {10.1016/j.psychres.2021.114130},
  url = {https://www.sciencedirect.com/science/article/pii/S0165178121004261},
  author = {Voppel, Alban E and {de Boer}, Janna N and Brederoo, Sanne G and Schnack, H. G. and Sommer, I. E. C.},
  keywords = {Word similarity, Psychosis, Semantic model, Speech, Natural language processing, Biomarker},
},
  publisher={Elsevier}
}

@misc{wouts2021belabbert,
      title={belabBERT: a Dutch RoBERTa-based language model applied to psychiatric classification}, 
      author={Joppe Wouts and Janna de Boer and Alban Voppel and Sanne Brederoo and Sander van Splunter and Iris Sommer},
      year={2021},
      eprint={2106.01091},
      archivePrefix={arXiv},
      primaryClass={cs.CL},
      doi={10.48550/arXiv.2106.01091}
}

@inproceedings{aich2022towards,
    title = "Towards Intelligent Clinically-Informed Language Analyses of People with Bipolar Disorder and Schizophrenia",
    author = "Aich, Ankit  and  Quynh, Avery  and  Badal, Varsha  and
      Pinkham, Amy  and Harvey, Philip  and  Depp, Colin  and  Parde, Natalie",
    editor = "Goldberg, Yoav  and  Kozareva, Zornitsa  and  Zhang, Yue",
    booktitle = "Findings of the Association for Computational Linguistics: EMNLP 2022",
    month = dec,
    year = "2022",
    address = "Abu Dhabi, United Arab Emirates",
    publisher = "Association for Computational Linguistics",
    url = "https://aclanthology.org/2022.findings-emnlp.208",
    doi = "10.18653/v1/2022.findings-emnlp.208",
    pages = "2871--2887"
}

@article{alonso2022language,
  title = {Language network self-inhibition and semantic similarity in first-episode schizophrenia: A computational-linguistic and effective connectivity approach},
  volume = {259},
  ISSN = {0920-9964},
  DOI = {10.1016/j.schres.2022.04.007},
  journal = {Schizophrenia Research},
  publisher = {Elsevier},
  author = {Alonso-Sánchez,  María Francisca and Limongi,  Roberto and Gati,  Joseph and Palaniyappan,  Lena},
  year = {2023},
  month = sep,
  pages = {97–103}
}

@article{alonso2022progressive,
  title = {Progressive changes in descriptive discourse in First Episode Schizophrenia: a longitudinal computational semantics study},
  volume = {8},
  ISSN = {2754-6993},
  DOI = {10.1038/s41537-022-00246-8},
  number = {1},
  journal = {Schizophrenia},
  publisher = {Springer},
  author = {Alonso-Sánchez,  Maria Francisca and Ford,  Sabrina D. and MacKinley,  Michael and Silva,  Angélica and Limongi,  Roberto and Palaniyappan,  Lena},
  year = {2022},
  month = apr 
}

@article{bilgrami2022construct,
  title = {Construct validity for computational linguistic metrics in individuals at clinical risk for psychosis: Associations with clinical ratings},
  journal = {Schizophrenia Research},
  volume = {245},
  pages = {90-96},
  year = {2022},
  note = {Computational Approaches to Understanding Psychosis},
  issn = {0920-9964},
  doi = {10.1016/j.schres.2022.01.019},
  url = {https://www.sciencedirect.com/science/article/pii/S0920996422000299},
  author = {Zarina R. Bilgrami and Cansu Sarac and Agrima Srivastava and Shaynna N. Herrera and Matilda Azis and Shalaila S. Haas and Riaz B. Shaik and Muhammad A. Parvaz and Vijay A. Mittal and Guillermo Cecchi and Cheryl M. Corcoran},
  keywords = {Psychosis risk, Thought disorder, Natural language processing},
  publisher={Elsevier}
}

@article{colla2022semantic,
  title={Semantic coherence markers: The contribution of perplexity metrics}, 
  volume={134}, 
  ISSN={0933-3657}, 
  DOI={10.1016/j.artmed.2022.102393}, 
  journal={Artificial Intelligence in Medicine}, 
  publisher={Elsevier}, 
  author={Colla, Davide and Delsanto, Matteo and Agosto, Marco and Vitiello, Benedetto and Radicioni, Daniele P.}, 
  year={2022}, 
  month=dec, 
  pages={102393} 
}

@article{corona2022assessing,
  title={Assessing coherence through linguistic connectives: Analysis of speech in patients with schizophrenia-spectrum disorders},
  author = {H. Corona-Hernández and J.N. {de Boer} and S.G. Brederoo and A.E. Voppel and I.E.C. Sommer},
  journal = {Schizophrenia Research},
  volume = {259},
  pages = {48-58},
  year = {2023},
  note = {Language and Speech Analysis in Schizophrenia and Related Psychoses},
  issn = {0920-9964},
  doi = {10.1016/j.schres.2022.06.013},
  url = {https://www.sciencedirect.com/science/article/pii/S0920996422002481},
  keywords = {Classification, Disorganized speech, Grammatical connectivity, Schizophrenia-spectrum disorders, Semantic cosine similarity, Word2vec},
  publisher={Elsevier}
}

@article{girard2022computational,
  title = {Computational analysis of spoken language in acute psychosis and mania},
  journal = {Schizophrenia Research},
  volume = {245},
  pages = {97-115},
  year = {2022},
  note = {Computational Approaches to Understanding Psychosis},
  issn = {0920-9964},
  doi = {10.1016/j.schres.2021.06.040},
  url = {https://www.sciencedirect.com/science/article/pii/S0920996421002528},
  author = {Jeffrey M. Girard and Alexandria K. Vail and Einat Liebenthal and Katrina Brown and Can Misel Kilciksiz and Luciana Pennant and Elizabeth Liebson and Dost {\"O}ng{\"u}r and Louis-Philippe Morency and Justin T. Baker},
  keywords = {Language, Schizophrenia, Bipolar disorder, Positive symptoms, Negative symptoms},
  publisher={Elsevier}
}

@article{holmlund2022towards,
  title = {Towards a temporospatial framework for measurements of disorganization in speech using semantic vectors},
  journal = {Schizophrenia Research},
  volume = {259},
  pages = {71-79},
  year = {2023},
  note = {Language and Speech Analysis in Schizophrenia and Related Psychoses},
  issn = {0920-9964},
  doi = {10.1016/j.schres.2022.09.020},
  url = {https://www.sciencedirect.com/science/article/pii/S0920996422003620},
  author = {Terje B. Holmlund and Chelsea Chandler and Peter W. Foltz and Catherine Diaz-Asper and Alex S. Cohen and Zachary Rodriguez and Brita Elvevåg},
  keywords = {Language analysis, Speech, Coherence, Schizophrenia, Word vectors, Visualizations},
  publisher={Elsevier}
}

@article{liang2022widespread,
  title={Widespread cortical thinning, excessive glutamate and impaired linguistic functioning in schizophrenia: A cluster analytic approach},
  author={Liang, Liangbing and Silva, Ang{\'e}lica M and Jeon, Peter and Ford, Sabrina D and MacKinley, Michael and Th{\'e}berge, Jean and Palaniyappan, Lena},
  journal={Frontiers in Human Neuroscience},
  volume={16},
  pages={954898},
  year={2022},
  publisher={Frontiers Media SA},
  URL={https://www.frontiersin.org/articles/10.3389/fnhum.2022.954898},  
  DOI={10.3389/fnhum.2022.954898},      
  ISSN={1662-5161}
}

@article{liebenthal2022linguistic,
  title = {Linguistic and non-linguistic markers of disorganization in psychotic illness},
  journal = {Schizophrenia Research},
  volume = {259},
  pages = {111-120},
  year = {2023},
  note = {Language and Speech Analysis in Schizophrenia and Related Psychoses},
  issn = {0920-9964},
  doi = {10.1016/j.schres.2022.12.003},
  url = {https://www.sciencedirect.com/science/article/pii/S0920996422004509},
  author = {Einat Liebenthal and Michaela Ennis and Habiballah Rahimi-Eichi and Eric Lin and Yoonho Chung and Justin T. Baker},
  keywords = {Spoken language, Speech disfluency, Smartphone-based passive sensing, Conceptual disorganization, Psychosis, Digital phenotyping},
  publisher={Elsevier}
}

@article{mota2022happy,
  title={Happy thoughts: What computational assessment of connectedness and emotional words can inform about early stages of psychosis},
  author={Mota, Nat{\'a}lia Bezerra and Ribeiro, Marina and Malcorra, B{\'a}rbara Luzia Covatti and At{\'\i}dio, Jo{\~a}o Paulo and Haguiara, Bernardo and Gadelha, Ary},
  journal = {Schizophrenia Research},
  volume = {259},
  pages = {38-47},
  year = {2023},
  note = {Language and Speech Analysis in Schizophrenia and Related Psychoses},
  issn = {0920-9964},
  doi = {10.1016/j.schres.2022.06.025},
  url = {https://www.sciencedirect.com/science/article/pii/S0920996422002602},
  keywords = {First-episode psychosis, Education, Negative symptoms, Formal thought disorder, Natural language processing, Computational psychiatry},
  publisher={Elsevier}
}

@article{nikzad2022does,
  title={Who does what to whom? graph representations of action-predication in speech relate to psychopathological dimensions of psychosis},
  author={Nikzad, Amir H and Cong, Yan and Berretta, Sarah and H{\"a}nsel, Katrin and Cho, Sunghye and Pradhan, Sameer and Behbehani, Leily and DeSouza, Danielle D and Liberman, Mark Y and Tang, Sunny X},
  volume={8}, 
  ISSN={2754-6993}, 
  DOI={10.1038/s41537-022-00263-7}, 
  number={1}, 
  journal={Schizophrenia}, 
  publisher={Springer}, 
  year={2022}, 
  month=jul 
}

@article{parola2022speech,
  title = {Speech disturbances in schizophrenia: Assessing cross-linguistic generalizability of NLP automated measures of coherence},
  journal = {Schizophrenia Research},
  volume = {259},
  pages = {59-70},
  year = {2023},
  note = {Language and Speech Analysis in Schizophrenia and Related Psychoses},
  issn = {0920-9964},
  doi = {10.1016/j.schres.2022.07.002},
  url = {https://www.sciencedirect.com/science/article/pii/S0920996422002742},
  author = {Alberto Parola and Jessica Mary Lin and Arndis Simonsen and Vibeke Bliksted and Yuan Zhou and Huiling Wang and Lana Inoue and Katja Koelkebeck and Riccardo Fusaroli},
  keywords = {Natural language processing, Digital phenotyping, Thought disorder, Schizophrenia spectrum disorder, Semantic coherence, Biomarker, Communication disorders},
  publisher={Elsevier}
}

@inproceedings{shriki2022masking,
    title = "Masking Morphosyntactic Categories to Evaluate Salience for Schizophrenia Diagnosis",
    author = "Shriki, Yaara  and  Ziv, Ido  and Dershowitz, Nachum  and  Harel, Eiran  and  Bar, Kfir",
    editor = "Zirikly, Ayah  and  Atzil-Slonim, Dana  and  Liakata, Maria  and    Bedrick, Steven  and Desmet, Bart  and Ireland, Molly  and   Lee, Andrew  and  MacAvaney, Sean  and  Purver, Matthew  and  Resnik, Rebecca  and  Yates, Andrew",
    booktitle = "Proceedings of the Eighth Workshop on Computational Linguistics and Clinical Psychology",
    month = jul,
    year = "2022",
    address = "Seattle, USA",
    publisher = "Association for Computational Linguistics",
    url = "https://aclanthology.org/2022.clpsych-1.13",
    doi = "10.18653/v1/2022.clpsych-1.13",
    pages = "148--157",
}

@article{srivastava2022p473,
  title = {P473. Estimating Self-Disturbance in Psychosis and Its Risk States Using Natural Language Processing Analysis of Open-Ended Interviews},
  volume = {91},
  ISSN = {0006-3223},
  DOI = {10.1016/j.biopsych.2022.02.709},
  number = {9},
  journal = {Biological Psychiatry},
  author = {Srivastava,  Agrima and Abrami,  Avner and Shaik,  Riaz and Haas,  Shalaila and Herrera,  Shaynna and Sarac,  Cansu and Bilgrami,  Zarina and McGowan,  Alessia and Lu,  Angela and Nelson,  Barnaby and Mizrahi,  Romina and Cecchi,  Guillermo and Corcoran,  Cheryl},
  year = {2022},
  month = may,
  pages = {S280},
  publisher={Elsevier}
}

@article{srivastava2022increased,
  title = {Increased Metaphor Production in Open-Ended Speech Samples of Patients With Prodromal and Developed Schizophrenia Detected with NLP},
  volume = {91},
  ISSN = {0006-3223},
  DOI = {10.1016/j.biopsych.2022.02.145},
  number = {9},
  journal = {Biological Psychiatry},
  author = {Srivastava,  Agrima and Bilgrami,  Zarina and Garg,  Sahil and Corcoran,  Cheryl and Cecchi,  Guillermo and Nelson,  Barnaby and Yung,  Alison and Mizrahi,  Romina},
  year = {2022},
  month = may,
  pages = {S50},
  publisher={Elsevier}
}

@article{silva2022syntactic,
  title={Syntactic complexity of spoken language in the diagnosis of schizophrenia: A probabilistic Bayes network model},
  author={Silva, Angelica M and Limongi, Roberto and MacKinley, Michael and Ford, Sabrina D and Alonso-S{\'a}nchez, Maria Francisca and Palaniyappan, Lena},
  journal = {Schizophrenia Research},
  volume = {259},
  pages = {88-96},
  year = {2023},
  note = {Language and Speech Analysis in Schizophrenia and Related Psychoses},
  issn = {0920-9964},
  doi = {10.1016/j.schres.2022.06.011},
  url = {https://www.sciencedirect.com/science/article/pii/S0920996422002456},
  keywords = {Thought disorder, Progressive, Longitudinal, Early intervention, Speech},
  publisher={Elsevier}
}

@article{tang2022clinical,
  title={Clinical and computational speech measures are associated with social cognition in schizophrenia spectrum disorders},
  author={Tang, Sunny X and Cong, Yan and Nikzad, Amir H and Mehta, Aarush and Cho, Sunghye and H{\"a}nsel, Katrin and Berretta, Sarah and Dhar, Aamina A and Kane, John M and Malhotra, Anil K},
  journal = {Schizophrenia Research},
  volume = {259},
  pages = {28-37},
  year = {2023},
  note = {Language and Speech Analysis in Schizophrenia and Related Psychoses},
  issn = {0920-9964},
  doi = {10.1016/j.schres.2022.06.012},
  url = {https://www.sciencedirect.com/science/article/pii/S092099642200247X},
  keywords = {Schizophrenia, Language, Disorganization, Natural language processing, Social cognition, Computational psychiatry},
  publisher={Elsevier}
}

@article{xu2022fully,
  title = {Fully automated detection of formal thought disorder with Time-series Augmented Representations for Detection of Incoherent Speech (TARDIS)},
  journal = {Journal of Biomedical Informatics},
  volume = {126},
  pages = {103998},
  year = {2022},
  issn = {1532-0464},
  doi = {10.1016/j.jbi.2022.103998},
  url = {https://www.sciencedirect.com/science/article/pii/S1532046422000144},
  author = {Weizhe Xu and Weichen Wang and Jake Portanova and Ayesha Chander and Andrew Campbell and Serguei Pakhomov and Dror Ben-Zeev and Trevor Cohen},
  keywords = {Formal Thought Disorder, Coherence in Speech, Auditory Verbal Hallucination, Automatic Speech Recognition, Neural Word Embeddings, Natural Language Processing},
  publisher={Elsevier}
}

@article{ziv2022morphological,
  author = {Ziv, Ido and Baram, Heli and Bar, Kfir and Zilberstein, Vered and Itzikowitz, Samuel and Harel, Eran V. and Dershowitz, Nachum},
  title = {Morphological characteristics of spoken language in schizophrenia patients – an exploratory study},
  journal = {Scandinavian Journal of Psychology},
  volume = {63},
  number = {2},
  pages = {91-99},
  keywords = {Natural language processing, mental illness, schizophrenia, psychosis, morphology},
  doi = {10.1111/sjop.12790},
  year = {2022}
}

@misc{argolo2023burnishing,
 title={Burnishing the blueprint of speech assessment with natural language processing: methods to characterize subtle impairments on individuals in at-risk mental states from a large urban population.},
 url={osf.io/preprints/psyarxiv/epgfy},
 DOI={10.31234/osf.io/epgfy},
 publisher={PsyArXiv},
 author={Argolo, Felipe C and de Paula Ramos, William H and mota, natalia and Gondim, Jo\~{a}o M and Lopes-Rocha, Ana C and Cecchi, Guillermo and Corcoran, Cheryl and Ara, Anderson and Loch, Alexandre},
 year={2023},
 month=mar
}

@article{de2023acoustic,
  title = {Acoustic speech markers for schizophrenia-spectrum disorders: a diagnostic and symptom-recognition tool},
  volume = {53},
  ISSN = {1469-8978},
  DOI = {10.1017/s0033291721002804},
  number = {4},
  journal = {Psychological Medicine},
  publisher = {Cambridge University Press (CUP)},
  author = {de Boer,  J. N. and Voppel,  A. E. and Brederoo,  S. G. and Schnack,  H. G. and Truong,  K. P. and Wijnen,  F. N. K. and Sommer,  I. E. C.},
  year = {2023},
  month = aug,
  pages = {1302–1312}
}

@article{fradkin2023theory,
  title = {Theory-Driven Analysis of Natural Language Processing Measures of Thought Disorder Using Generative Language Modeling},
  journal = {Biological Psychiatry: Cognitive Neuroscience and Neuroimaging},
  volume = {8},
  number = {10},
  pages = {1013-1023},
  year = {2023},
  note = {Natural Language Processing in Psychiatry and Clinical Neuroscience Research},
  issn = {2451-9022},
  doi = {10.1016/j.bpsc.2023.05.005},
  url = {https://www.sciencedirect.com/science/article/pii/S2451902223001258},
  author = {Isaac Fradkin and Matthew M. Nour and Raymond J. Dolan},
  keywords = {Computational psychiatry, GPT-2, Natural language processing, Psychosis, Schizophrenia, Thought disorder},
  publisher={Elsevier}
}

@article{jeong2023exploring,
  author = {Jeong, Lydia and Lee, Melissa and Eyre, Ben and Balagopalan, Aparna and Rudzicz, Frank and Gabilondo, Cedric},
  title = {Exploring the Use of Natural Language Processing for Objective Assessment of Disorganized Speech in Schizophrenia},
  journal = {Psychiatric Research and Clinical Practice},
  volume = {5},
  number = {3},
  pages = {84-92},
  doi = {10.1176/appi.prcp.20230003},
  year = {2023}
}

@article{just2023validation,
  title={Validation of natural language processing methods capturing semantic incoherence in the speech of patients with non-affective psychosis},
  author={Just, Sandra Anna and Br{\"o}cker, Anna-Lena and Ryazanskaya, Galina and Nenchev, Ivan and Schneider, Maria and Bermpohl, Felix and Heinz, Andreas and Montag, Christiane},
  journal={Frontiers in Psychiatry},
  volume={14},
  pages={1208856},
  year={2023},
  publisher={Frontiers},
  url={https://www.frontiersin.org/journals/psychiatry/articles/10.3389/fpsyt.2023.1208856},
  doi={10.3389/fpsyt.2023.1208856},
  issn={1664-0640}
}

@article{ku2021computational,
  title = {Computational linguistic analysis applied to a semantic fluency task: A replication among first-episode psychosis patients with and without derailment and tangentiality},
  journal = {Psychiatry Research},
  volume = {304},
  pages = {114105},
  year = {2021},
  issn = {0165-1781},
  doi = {10.1016/j.psychres.2021.114105},
  url = {https://www.sciencedirect.com/science/article/pii/S0165178121004029},
  publisher={Elsevier}
}

@article{minor2023automated,
  title={Automated measures of speech content and speech organization in schizophrenia: Test-retest reliability and generalizability across demographic variables},
  author={Minor, Kyle S and Lundin, Nancy B and Myers, Evan J and Fern{\'a}ndez-Villard{\'o}n, Aitana and Lysaker, Paul H},
  journal = {Psychiatry Research},
  volume = {320},
  pages = {115048},
  year = {2023},
  issn = {0165-1781},
  doi = {10.1016/j.psychres.2023.115048},
  url = {https://www.sciencedirect.com/science/article/pii/S016517812300001X},
  keywords = {Speech content, Speech organization, Schizophrenia, Reliability, Race},
  publisher={Elsevier}
}

@article{nettekoven2023semantic,
  title={Semantic speech networks linked to formal thought disorder in early psychosis},
  author={Nettekoven, Caroline R and Diederen, Kelly and Giles, Oscar and Duncan, Helen and Stenson, Iain and Olah, Julianna and Gibbs-Dean, Toni and Collier, Nigel and V{\'e}rtes, Petra E and Spencer, Tom J and others},
  volume={49}, 
  ISSN={1745-1701}, 
  DOI={10.1093/schbul/sbac056}, 
  number={Supplement_2}, 
  journal={Schizophrenia Bulletin}, 
  publisher={Oxford University Press},  
  year={2023}, 
  month=mar, 
  pages={S142–S152} 
}

@misc{openai2023gpt4,
      title={GPT-4 Technical Report}, 
      author={OpenAI and Josh Achiam and Steven Adler and Sandhini Agarwal and Lama Ahmad and Ilge Akkaya and Florencia Leoni Aleman and Diogo Almeida and Janko Altenschmidt and Sam Altman and Shyamal Anadkat and Red Avila and Igor Babuschkin and Suchir Balaji and Valerie Balcom and Paul Baltescu and Haiming Bao and Mohammad Bavarian and Jeff Belgum and Irwan Bello and Jake Berdine and Gabriel Bernadett-Shapiro and Christopher Berner and Lenny Bogdonoff and Oleg Boiko and Madelaine Boyd and Anna-Luisa Brakman and Greg Brockman and Tim Brooks and Miles Brundage and Kevin Button and Trevor Cai and Rosie Campbell and Andrew Cann and Brittany Carey and Chelsea Carlson and Rory Carmichael and Brooke Chan and Che Chang and Fotis Chantzis and Derek Chen and Sully Chen and Ruby Chen and Jason Chen and Mark Chen and Ben Chess and Chester Cho and Casey Chu and Hyung Won Chung and Dave Cummings and Jeremiah Currier and Yunxing Dai and Cory Decareaux and Thomas Degry and Noah Deutsch and Damien Deville and Arka Dhar and David Dohan and Steve Dowling and Sheila Dunning and Adrien Ecoffet and Atty Eleti and Tyna Eloundou and David Farhi and Liam Fedus and Niko Felix and Simón Posada Fishman and Juston Forte and Isabella Fulford and Leo Gao and Elie Georges and Christian Gibson and Vik Goel and Tarun Gogineni and Gabriel Goh and Rapha Gontijo-Lopes and Jonathan Gordon and Morgan Grafstein and Scott Gray and Ryan Greene and Joshua Gross and Shixiang Shane Gu and Yufei Guo and Chris Hallacy and Jesse Han and Jeff Harris and Yuchen He and Mike Heaton and Johannes Heidecke and Chris Hesse and Alan Hickey and Wade Hickey and Peter Hoeschele and Brandon Houghton and Kenny Hsu and Shengli Hu and Xin Hu and Joost Huizinga and Shantanu Jain and Shawn Jain and Joanne Jang and Angela Jiang and Roger Jiang and Haozhun Jin and Denny Jin and Shino Jomoto and Billie Jonn and Heewoo Jun and Tomer Kaftan and Łukasz Kaiser and Ali Kamali and Ingmar Kanitscheider and Nitish Shirish Keskar and Tabarak Khan and Logan Kilpatrick and Jong Wook Kim and Christina Kim and Yongjik Kim and Jan Hendrik Kirchner and Jamie Kiros and Matt Knight and Daniel Kokotajlo and Łukasz Kondraciuk and Andrew Kondrich and Aris Konstantinidis and Kyle Kosic and Gretchen Krueger and Vishal Kuo and Michael Lampe and Ikai Lan and Teddy Lee and Jan Leike and Jade Leung and Daniel Levy and Chak Ming Li and Rachel Lim and Molly Lin and Stephanie Lin and Mateusz Litwin and Theresa Lopez and Ryan Lowe and Patricia Lue and Anna Makanju and Kim Malfacini and Sam Manning and Todor Markov and Yaniv Markovski and Bianca Martin and Katie Mayer and Andrew Mayne and Bob McGrew and Scott Mayer McKinney and Christine McLeavey and Paul McMillan and Jake McNeil and David Medina and Aalok Mehta and Jacob Menick and Luke Metz and Andrey Mishchenko and Pamela Mishkin and Vinnie Monaco and Evan Morikawa and Daniel Mossing and Tong Mu and Mira Murati and Oleg Murk and David Mély and Ashvin Nair and Reiichiro Nakano and Rajeev Nayak and Arvind Neelakantan and Richard Ngo and Hyeonwoo Noh and Long Ouyang and Cullen O'Keefe and Jakub Pachocki and Alex Paino and Joe Palermo and Ashley Pantuliano and Giambattista Parascandolo and Joel Parish and Emy Parparita and Alex Passos and Mikhail Pavlov and Andrew Peng and Adam Perelman and Filipe de Avila Belbute Peres and Michael Petrov and Henrique Ponde de Oliveira Pinto and Michael and Pokorny and Michelle Pokrass and Vitchyr H. Pong and Tolly Powell and Alethea Power and Boris Power and Elizabeth Proehl and Raul Puri and Alec Radford and Jack Rae and Aditya Ramesh and Cameron Raymond and Francis Real and Kendra Rimbach and Carl Ross and Bob Rotsted and Henri Roussez and Nick Ryder and Mario Saltarelli and Ted Sanders and Shibani Santurkar and Girish Sastry and Heather Schmidt and David Schnurr and John Schulman and Daniel Selsam and Kyla Sheppard and Toki Sherbakov and Jessica Shieh and Sarah Shoker and Pranav Shyam and Szymon Sidor and Eric Sigler and Maddie Simens and Jordan Sitkin and Katarina Slama and Ian Sohl and Benjamin Sokolowsky and Yang Song and Natalie Staudacher and Felipe Petroski Such and Natalie Summers and Ilya Sutskever and Jie Tang and Nikolas Tezak and Madeleine B. Thompson and Phil Tillet and Amin Tootoonchian and Elizabeth Tseng and Preston Tuggle and Nick Turley and Jerry Tworek and Juan Felipe Cerón Uribe and Andrea Vallone and Arun Vijayvergiya and Chelsea Voss and Carroll Wainwright and Justin Jay Wang and Alvin Wang and Ben Wang and Jonathan Ward and Jason Wei and CJ Weinmann and Akila Welihinda and Peter Welinder and Jiayi Weng and Lilian Weng and Matt Wiethoff and Dave Willner and Clemens Winter and Samuel Wolrich and Hannah Wong and Lauren Workman and Sherwin Wu and Jeff Wu and Michael Wu and Kai Xiao and Tao Xu and Sarah Yoo and Kevin Yu and Qiming Yuan and Wojciech Zaremba and Rowan Zellers and Chong Zhang and Marvin Zhang and Shengjia Zhao and Tianhao Zheng and Juntang Zhuang and William Zhuk and Barret Zoph},
      year={2024},
      eprint={2303.08774},
      archivePrefix={arXiv},
      primaryClass={cs.CL},
      doi={10.48550/arXiv.2303.08774}
}

@article{palominos2023coreference,
    author = {Palominos, Claudio and Figueroa-Barra, Alicia and Hinzen, Wolfram},
    title = {Coreference Delays in Psychotic Discourse: Widening the Temporal Window},
    journal = {Schizophrenia Bulletin},
    volume = {49},
    number = {Supplement_2},
    pages = {S153-S162},
    year = {2023},
    month = mar,
    issn = {0586-7614},
    doi = {10.1093/schbul/sbac102},
    publisher={Oxford University Press}
}

@article{schneider2023syntactic,
  title = {Syntactic complexity and diversity of spontaneous speech production in schizophrenia spectrum and major depressive disorders},
  volume = {9},
  ISSN = {2754-6993},
  DOI = {10.1038/s41537-023-00359-8},
  number = {1},
  journal = {Schizophrenia},
  publisher = {Springer},
  author = {Schneider,  Katharina and Leinweber,  Katrin and Jamalabadi,  Hamidreza and Teutenberg,  Lea and Brosch,  Katharina and Pfarr,  Julia-Katharina and Thomas-Odenthal,  Florian and Usemann,  Paula and Wroblewski,  Adrian and Straube,  Benjamin and Alexander,  Nina and Nenadić,  Igor and Jansen,  Andreas and Krug,  Axel and Dannlowski,  Udo and Kircher,  Tilo and Nagels,  Arne and Stein,  Frederike},
  year = {2023},
  month = may 
}

@article{tang2023latent,
  title={Latent factors of language disturbance and relationships to quantitative speech features},
  author={Tang, Sunny X and H{\"a}nsel, Katrin and Cong, Yan and Nikzad, Amir H and Mehta, Aarush and Cho, Sunghye and Berretta, Sarah and Behbehani, Leily and Pradhan, Sameer and John, Majnu and others},
    journal = {Schizophrenia Bulletin},
    volume = {49},
    number = {Supplement_2},
    pages = {S93-S103},
    year = {2023},
    month = {03},
    issn = {0586-7614},
    doi = {10.1093/schbul/sbac145},
    publisher={Oxford University Press}
}

@article{voppel2023semantic,
  title={Semantic and Acoustic Markers in Schizophrenia-Spectrum Disorders: A Combinatory Machine Learning Approach},
  author={Voppel, Alban E and {de Boer}, Janna N and Brederoo, Sanne G and Schnack, Hugo G and Sommer, Iris EC},
  journal={Schizophrenia Bulletin},
  volume={49},
  number={Supplement\_2},
  pages={S163--S171},
  year={2023},
  publisher={Oxford University Press}
}